@article{hassan2013temperature,
  title={Temperature monitoring and CFD analysis of data centre},
  author={Hassan, NMS and Khan, Mohammad Masud Kamal and Rasul, MG},
  journal={Procedia Engineering},
  volume={56},
  pages={551--559},
  year={2013},
  publisher={Elsevier}
}

@article{ashrae9,
  title={9.9, 2008},
  author={ASHRAE, TC},
  journal={ASHRAE Environmental Guidelines for Datacom Equipment},
  year={2008}
}

@article{moss2011data,
  title={Data center operating temperature: the sweet spot},
  author={Moss, David L},
  journal={A Dell Technical White Paper. Round Rock, Texas},
  year={2011}
}

@misc{moss2009data,
  title={Data center operating temperature: What does Dell recommend?},
  author={Moss, David},
  year={2009},
  publisher={June}
}

@article{packard2013applying,
  title={Applying 2011 ASHRAE data center guidelines to HP ProLiant-based facilities Copyright{\copyright} 2012},
  author={Packard, Hewlett},
  journal={Consulta: Octubre},
  year={2013}
}

@article{ciscoDatacenter,
  title={Data Center Power and Cooling},
  author={Cisco},
  year={2011}
}

@article{schmidt2005challenges,
  title={Challenges of data center thermal management},
  author={Schmidt, Roger R and Cruz, EE and Iyengar, Madhusudan K},
  journal={IBM Journal of Research and Development},
  volume={49},
  number={4.5},
  pages={709--723},
  year={2005},
  publisher={IBM}
}

@article{stankovic1996real,
  title={Real-time and embedded systems},
  author={Stankovic, John A},
  journal={ACM Computing Surveys (CSUR)},
  volume={28},
  number={1},
  pages={205--208},
  year={1996},
  publisher={ACM}
}

@inproceedings{janpitak2011data,
  title={Data center physical security ontology for automated evaluation},
  author={Janpitak, Nanta and Sathitwiriyawong, Chanboon},
  booktitle={The 2011 International Conference on Security and Management (SAM2011)},
  pages={78--84},
  year={2011}
}

@article{stankovic1990predictability,
  title={What is predictability for real-time systems?},
  author={Stankovic, John A and Ramamritham, Krithi},
  journal={Real-Time Systems},
  volume={2},
  number={4},
  pages={247--254},
  year={1990},
  publisher={Springer}
}

@inproceedings{chodrow1991run,
  title={Run-time monitoring of real-time systems},
  author={Chodrow, Sarah E and Jahanian, Farnam and Donner, Marc},
  booktitle={Real-Time Systems Symposium, 1991. Proceedings., Twelfth},
  pages={74--83},
  year={1991},
  organization={IEEE}
}

@book{lichtenstein1985glory,
  title={The glory of the past},
  author={Lichtenstein, Orna and Pnueli, Amir and Zuck, Lenore},
  year={1985},
  publisher={Springer}
}

@book{kopetz2011real,
  title={Real-time systems: design principles for distributed embedded applications},
  author={Kopetz, Hermann},
  year={2011},
  publisher={Springer Science \& Business Media}
}

@article{liu1973scheduling,
  title={Scheduling algorithms for multiprogramming in a hard-real-time environment},
  author={Liu, Chung Laung and Layland, James W},
  journal={Journal of the ACM (JACM)},
  volume={20},
  number={1},
  pages={46--61},
  year={1973},
  publisher={ACM}
}

